@online{	  ModelicaEO,
  title		= {Modelica external objects},
  publisher	= {Modelica.org},
  type		= {homepage on the Internet},
  lastchecked	= {2023 oct 14},
  url		    = {https://doc.modelica.org/om/ModelicaReference.Classes.ExternalObject.html}
}

@misc{NLopt,
  title = {The {NLopt} nonlinear-optimization package},
  author = {Steven G. Johnson},
  year = {2007},
  howpublished = {\url{https://github.com/stevengj/nlopt}}
}